{
  "symbol": "TSLA",
  "annualReports": [
      {
          "fiscalDateEnding": "2020-12-31",
          "reportedCurrency": "USD",
          "grossProfit": "6630000000",
          "totalRevenue": "31536000000",
          "costOfRevenue": "24906000000",
          "costofGoodsAndServicesSold": "289000000",
          "operatingIncome": "1994000000",
          "sellingGeneralAndAdministrative": "3145000000",
          "researchAndDevelopment": "1491000000",
          "operatingExpenses": "4636000000",
          "investmentIncomeNet": "30000000",
          "netInterestIncome": "-748000000",
          "interestIncome": "0",
          "interestExpense": "748000000",
          "nonInterestIncome": "-336000000",
          "otherNonOperatingIncome": "-122000000",
          "depreciation": "1570000000",
          "depreciationAndAmortization": "399000000",
          "incomeBeforeTax": "1013000000",
          "incomeTaxExpense": "292000000",
          "interestAndDebtExpense": "853000000",
          "netIncomeFromContinuingOperations": "862000000",
          "comprehensiveIncomeNetOfTax": "1120000000",
          "ebit": "1994000000",
          "ebitda": "2393000000",
          "netIncome": "721000000"
      },
      {
          "fiscalDateEnding": "2019-12-31",
          "reportedCurrency": "USD",
          "grossProfit": "4069000000",
          "totalRevenue": "24578000000",
          "costOfRevenue": "20509000000",
          "costofGoodsAndServicesSold": "193000000",
          "operatingIncome": "-69000000",
          "sellingGeneralAndAdministrative": "2646000000",
          "researchAndDevelopment": "1343000000",
          "operatingExpenses": "4138000000",
          "investmentIncomeNet": "44000000",
          "netInterestIncome": "-685000000",
          "interestIncome": "0",
          "interestExpense": "685000000",
          "nonInterestIncome": "-98000000",
          "otherNonOperatingIncome": "45000000",
          "depreciation": "1370000000",
          "depreciationAndAmortization": "343000000",
          "incomeBeforeTax": "-752000000",
          "incomeTaxExpense": "110000000",
          "interestAndDebtExpense": "685000000",
          "netIncomeFromContinuingOperations": "-775000000",
          "comprehensiveIncomeNetOfTax": "-890000000",
          "ebit": "-69000000",
          "ebitda": "274000000",
          "netIncome": "-862000000"
      },
      {
          "fiscalDateEnding": "2018-12-31",
          "reportedCurrency": "USD",
          "grossProfit": "4042000000",
          "totalRevenue": "21461000000",
          "costOfRevenue": "17418526000",
          "costofGoodsAndServicesSold": "85000000",
          "operatingIncome": "-388366000",
          "sellingGeneralAndAdministrative": "2835163000",
          "researchAndDevelopment": "1460225000",
          "operatingExpenses": "4430822000",
          "investmentIncomeNet": "24000000",
          "netInterestIncome": "-663000000",
          "interestIncome": "128000",
          "interestExpense": "663128000",
          "nonInterestIncome": "-160000000",
          "otherNonOperatingIncome": "22195000",
          "depreciation": "1110000000",
          "depreciationAndAmortization": "66000000",
          "incomeBeforeTax": "-917688000",
          "incomeTaxExpense": "58312000",
          "interestAndDebtExpense": "663000000",
          "netIncomeFromContinuingOperations": "-1063000000",
          "comprehensiveIncomeNetOfTax": "-1017893000",
          "ebit": "-388366000",
          "ebitda": "-322366000",
          "netIncome": "-976000000"
      },
      {
          "fiscalDateEnding": "2017-12-31",
          "reportedCurrency": "USD",
          "grossProfit": "2222487000",
          "totalRevenue": "11758751000",
          "costOfRevenue": "9536000000",
          "costofGoodsAndServicesSold": "132000000",
          "operatingIncome": "-1632000000",
          "sellingGeneralAndAdministrative": "2477000000",
          "researchAndDevelopment": "1378000000",
          "operatingExpenses": "3855000000",
          "investmentIncomeNet": "19000000",
          "netInterestIncome": "-471000000",
          "interestIncome": "0",
          "interestExpense": "471000000",
          "nonInterestIncome": "-158000000",
          "otherNonOperatingIncome": "-125000000",
          "depreciation": "769000000",
          "depreciationAndAmortization": "1636003000",
          "incomeBeforeTax": "-1929400000",
          "incomeTaxExpense": "32000000",
          "interestAndDebtExpense": "471000000",
          "netIncomeFromContinuingOperations": "-2241000000",
          "comprehensiveIncomeNetOfTax": "-1905000000",
          "ebit": "-1632000000",
          "ebitda": "4003000",
          "netIncome": "-1961400000"
      },
      {
          "fiscalDateEnding": "2016-12-31",
          "reportedCurrency": "USD",
          "grossProfit": "1599257000",
          "totalRevenue": "7000132000",
          "costOfRevenue": "5400875000",
          "costofGoodsAndServicesSold": "65520000",
          "operatingIncome": "-667340000",
          "sellingGeneralAndAdministrative": "1432189000",
          "researchAndDevelopment": "834408000",
          "operatingExpenses": "2266597000",
          "investmentIncomeNet": "8530000",
          "netInterestIncome": "-198810000",
          "interestIncome": "0",
          "interestExpense": "198810000",
          "nonInterestIncome": "756309000",
          "otherNonOperatingIncome": "111272000",
          "depreciation": "477300000",
          "depreciationAndAmortization": "947099000",
          "incomeBeforeTax": "-648216000",
          "incomeTaxExpense": "26698000",
          "interestAndDebtExpense": "198810000",
          "netIncomeFromContinuingOperations": "-773046000",
          "comprehensiveIncomeNetOfTax": "-695098000",
          "ebit": "-667340000",
          "ebitda": "279759000",
          "netIncome": "-674914000"
      }
  ],
  "quarterlyReports": [
      {
          "fiscalDateEnding": "2020-12-31",
          "reportedCurrency": "USD",
          "grossProfit": "2066000000",
          "totalRevenue": "10744000000",
          "costOfRevenue": "8678000000",
          "costofGoodsAndServicesSold": "149000000",
          "operatingIncome": "575000000",
          "sellingGeneralAndAdministrative": "969000000",
          "researchAndDevelopment": "522000000",
          "operatingExpenses": "1491000000",
          "investmentIncomeNet": "6000000",
          "netInterestIncome": "-246000000",
          "interestIncome": "0",
          "interestExpense": "246000000",
          "nonInterestIncome": "-125000000",
          "otherNonOperatingIncome": "44000000",
          "depreciation": "440000000",
          "depreciationAndAmortization": "618000000",
          "incomeBeforeTax": "353000000",
          "incomeTaxExpense": "83000000",
          "interestAndDebtExpense": "351000000",
          "netIncomeFromContinuingOperations": "296000000",
          "comprehensiveIncomeNetOfTax": "508000000",
          "ebit": "575000000",
          "ebitda": "1193000000",
          "netIncome": "270000000"
      },
      {
          "fiscalDateEnding": "2020-09-30",
          "reportedCurrency": "USD",
          "grossProfit": "2063000000",
          "totalRevenue": "8771000000",
          "costOfRevenue": "6708000000",
          "costofGoodsAndServicesSold": "52000000",
          "operatingIncome": "809000000",
          "sellingGeneralAndAdministrative": "888000000",
          "researchAndDevelopment": "366000000",
          "operatingExpenses": "1254000000",
          "investmentIncomeNet": "6000000",
          "netInterestIncome": "-163000000",
          "interestIncome": "0",
          "interestExpense": "163000000",
          "nonInterestIncome": "-161000000",
          "otherNonOperatingIncome": "-97000000",
          "depreciation": "403000000",
          "depreciationAndAmortization": "584000000",
          "incomeBeforeTax": "517000000",
          "incomeTaxExpense": "186000000",
          "interestAndDebtExpense": "163000000",
          "netIncomeFromContinuingOperations": "369000000",
          "comprehensiveIncomeNetOfTax": "496000000",
          "ebit": "809000000",
          "ebitda": "1393000000",
          "netIncome": "331000000"
      },
      {
          "fiscalDateEnding": "2020-06-30",
          "reportedCurrency": "USD",
          "grossProfit": "1267000000",
          "totalRevenue": "6036000000",
          "costOfRevenue": "4769000000",
          "costofGoodsAndServicesSold": "43000000",
          "operatingIncome": "327000000",
          "sellingGeneralAndAdministrative": "661000000",
          "researchAndDevelopment": "279000000",
          "operatingExpenses": "940000000",
          "investmentIncomeNet": "8000000",
          "netInterestIncome": "-170000000",
          "interestIncome": "0",
          "interestExpense": "170000000",
          "nonInterestIncome": "-24000000",
          "otherNonOperatingIncome": "-15000000",
          "depreciation": "356000000",
          "depreciationAndAmortization": "567000000",
          "incomeBeforeTax": "125000000",
          "incomeTaxExpense": "21000000",
          "interestAndDebtExpense": "170000000",
          "netIncomeFromContinuingOperations": "1267000000",
          "comprehensiveIncomeNetOfTax": "177000000",
          "ebit": "327000000",
          "ebitda": "894000000",
          "netIncome": "104000000"
      },
      {
          "fiscalDateEnding": "2020-03-31",
          "reportedCurrency": "USD",
          "grossProfit": "1234000000",
          "totalRevenue": "5985000000",
          "costOfRevenue": "4751000000",
          "costofGoodsAndServicesSold": "45000000",
          "operatingIncome": "283000000",
          "sellingGeneralAndAdministrative": "627000000",
          "researchAndDevelopment": "324000000",
          "operatingExpenses": "951000000",
          "investmentIncomeNet": "10000000",
          "netInterestIncome": "-169000000",
          "interestIncome": "0",
          "interestExpense": "169000000",
          "nonInterestIncome": "-26000000",
          "otherNonOperatingIncome": "-54000000",
          "depreciation": "371000000",
          "depreciationAndAmortization": "553000000",
          "incomeBeforeTax": "18000000",
          "incomeTaxExpense": "2000000",
          "interestAndDebtExpense": "169000000",
          "netIncomeFromContinuingOperations": "1234000000",
          "comprehensiveIncomeNetOfTax": "-61000000",
          "ebit": "283000000",
          "ebitda": "836000000",
          "netIncome": "16000000"
      },
      {
          "fiscalDateEnding": "2019-12-31",
          "reportedCurrency": "USD",
          "grossProfit": "1391000000",
          "totalRevenue": "7384000000",
          "costOfRevenue": "5993000000",
          "costofGoodsAndServicesSold": "26000000",
          "operatingIncome": "359000000",
          "sellingGeneralAndAdministrative": "699000000",
          "researchAndDevelopment": "345000000",
          "operatingExpenses": "1032000000",
          "investmentIncomeNet": "10000000",
          "netInterestIncome": "-170000000",
          "interestIncome": "0",
          "interestExpense": "170000000",
          "nonInterestIncome": "-131000000",
          "otherNonOperatingIncome": "-25000000",
          "depreciation": "383000000",
          "depreciationAndAmortization": "577000000",
          "incomeBeforeTax": "147000000",
          "incomeTaxExpense": "42000000",
          "interestAndDebtExpense": "170000000",
          "netIncomeFromContinuingOperations": "132000000",
          "comprehensiveIncomeNetOfTax": "189000000",
          "ebit": "359000000",
          "ebitda": "924000000",
          "netIncome": "105000000"
      },
      {
          "fiscalDateEnding": "2019-09-30",
          "reportedCurrency": "USD",
          "grossProfit": "1191000000",
          "totalRevenue": "6303000000",
          "costOfRevenue": "5112000000",
          "costofGoodsAndServicesSold": "51000000",
          "operatingIncome": "261000000",
          "sellingGeneralAndAdministrative": "596000000",
          "researchAndDevelopment": "334000000",
          "operatingExpenses": "930000000",
          "investmentIncomeNet": "15000000",
          "netInterestIncome": "-185000000",
          "interestIncome": "0",
          "interestExpense": "185000000",
          "nonInterestIncome": "70000000",
          "otherNonOperatingIncome": "85000000",
          "depreciation": "353000000",
          "depreciationAndAmortization": "530851000",
          "incomeBeforeTax": "169000000",
          "incomeTaxExpense": "26000000",
          "interestAndDebtExpense": "185000000",
          "netIncomeFromContinuingOperations": "150000000",
          "comprehensiveIncomeNetOfTax": "29000000",
          "ebit": "261000000",
          "ebitda": "791851000",
          "netIncome": "143000000"
      },
      {
          "fiscalDateEnding": "2019-06-30",
          "reportedCurrency": "USD",
          "grossProfit": "921000000",
          "totalRevenue": "6350000000",
          "costOfRevenue": "5429000000",
          "costofGoodsAndServicesSold": "35000000",
          "operatingIncome": "-167000000",
          "sellingGeneralAndAdministrative": "647000000",
          "researchAndDevelopment": "324000000",
          "operatingExpenses": "1088000000",
          "investmentIncomeNet": "10000000",
          "netInterestIncome": "-172000000",
          "interestIncome": "0",
          "interestExpense": "172000000",
          "nonInterestIncome": "208362000",
          "otherNonOperatingIncome": "-41000000",
          "depreciation": "335000000",
          "depreciationAndAmortization": "578572000",
          "incomeBeforeTax": "-389000000",
          "incomeTaxExpense": "19000000",
          "interestAndDebtExpense": "172000000",
          "netIncomeFromContinuingOperations": "921000000",
          "comprehensiveIncomeNetOfTax": "-379000000",
          "ebit": "-167000000",
          "ebitda": "528459000",
          "netIncome": "-408000000"
      },
      {
          "fiscalDateEnding": "2019-03-31",
          "reportedCurrency": "USD",
          "grossProfit": "566000000",
          "totalRevenue": "4541000000",
          "costOfRevenue": "3975000000",
          "costofGoodsAndServicesSold": "81000000",
          "operatingIncome": "-522000000",
          "sellingGeneralAndAdministrative": "704000000",
          "researchAndDevelopment": "340000000",
          "operatingExpenses": "1088000000",
          "investmentIncomeNet": "9000000",
          "netInterestIncome": "-158000000",
          "interestIncome": "0",
          "interestExpense": "158000000",
          "nonInterestIncome": "21000000",
          "otherNonOperatingIncome": "26000000",
          "depreciation": "299000000",
          "depreciationAndAmortization": "467577000",
          "incomeBeforeTax": "-679000000",
          "incomeTaxExpense": "23000000",
          "interestAndDebtExpense": "158000000",
          "netIncomeFromContinuingOperations": "566000000",
          "comprehensiveIncomeNetOfTax": "-729000000",
          "ebit": "-522000000",
          "ebitda": "-10783000",
          "netIncome": "-702000000"
      },
      {
          "fiscalDateEnding": "2018-12-31",
          "reportedCurrency": "USD",
          "grossProfit": "1443000000",
          "totalRevenue": "7226000000",
          "costOfRevenue": "5783000000",
          "costofGoodsAndServicesSold": "25000000",
          "operatingIncome": "414000000",
          "sellingGeneralAndAdministrative": "668000000",
          "researchAndDevelopment": "356000000",
          "operatingExpenses": "1029000000",
          "investmentIncomeNet": "7000000",
          "netInterestIncome": "-175000000",
          "interestIncome": "0",
          "interestExpense": "175000000",
          "nonInterestIncome": "-34000000",
          "otherNonOperatingIncome": "-14000000",
          "depreciation": "313000000",
          "depreciationAndAmortization": "496737000",
          "incomeBeforeTax": "162000000",
          "incomeTaxExpense": "22000000",
          "interestAndDebtExpense": "175000000",
          "netIncomeFromContinuingOperations": "210000000",
          "comprehensiveIncomeNetOfTax": "123000000",
          "ebit": "414000000",
          "ebitda": "915888000",
          "netIncome": "140000000"
      },
      {
          "fiscalDateEnding": "2018-09-30",
          "reportedCurrency": "USD",
          "grossProfit": "1524000000",
          "totalRevenue": "6824000000",
          "costOfRevenue": "5300000000",
          "costofGoodsAndServicesSold": "13902000",
          "operatingIncome": "416000000",
          "sellingGeneralAndAdministrative": "730000000",
          "researchAndDevelopment": "351000000",
          "operatingExpenses": "1108000000",
          "investmentIncomeNet": "6722000",
          "netInterestIncome": "-174872000",
          "interestIncome": "128000",
          "interestExpense": "175000000",
          "nonInterestIncome": "-414217000",
          "otherNonOperatingIncome": "23000000",
          "depreciation": "300000000",
          "depreciationAndAmortization": "502825000",
          "incomeBeforeTax": "328000000",
          "incomeTaxExpense": "17000000",
          "interestAndDebtExpense": "174872000",
          "netIncomeFromContinuingOperations": "254333000",
          "comprehensiveIncomeNetOfTax": "301000000",
          "ebit": "416000000",
          "ebitda": "945766000",
          "netIncome": "311000000"
      },
      {
          "fiscalDateEnding": "2018-06-30",
          "reportedCurrency": "USD",
          "grossProfit": "619000000",
          "totalRevenue": "4002000000",
          "costOfRevenue": "3383301000",
          "costofGoodsAndServicesSold": "2860012000",
          "operatingIncome": "-621392000",
          "sellingGeneralAndAdministrative": "750759000",
          "researchAndDevelopment": "386129000",
          "operatingExpenses": "1240322000",
          "investmentIncomeNet": "5064000",
          "netInterestIncome": "-163582000",
          "interestIncome": "0",
          "interestExpense": "163582000",
          "nonInterestIncome": "239816000",
          "otherNonOperatingIncome": "50911000",
          "depreciation": "251800000",
          "depreciationAndAmortization": "485255000",
          "incomeBeforeTax": "-704293000",
          "incomeTaxExpense": "13707000",
          "interestAndDebtExpense": "163582000",
          "netIncomeFromContinuingOperations": "619000000",
          "comprehensiveIncomeNetOfTax": "-781915000",
          "ebit": "-621392000",
          "ebitda": "-32703000",
          "netIncome": "-718000000"
      },
      {
          "fiscalDateEnding": "2018-03-31",
          "reportedCurrency": "USD",
          "grossProfit": "456000000",
          "totalRevenue": "3409000000",
          "costOfRevenue": "2952225000",
          "costofGoodsAndServicesSold": "18546000",
          "operatingIncome": "-596974000",
          "sellingGeneralAndAdministrative": "686404000",
          "researchAndDevelopment": "367096000",
          "operatingExpenses": "1053500000",
          "investmentIncomeNet": "5214000",
          "netInterestIncome": "-149546000",
          "interestIncome": "0",
          "interestExpense": "149546000",
          "nonInterestIncome": "73538000",
          "otherNonOperatingIncome": "-37716000",
          "depreciation": "245200000",
          "depreciationAndAmortization": "416233000",
          "incomeBeforeTax": "-703395000",
          "incomeTaxExpense": "5605000",
          "interestAndDebtExpense": "149546000",
          "netIncomeFromContinuingOperations": "456000000",
          "comprehensiveIncomeNetOfTax": "-659978000",
          "ebit": "-596974000",
          "ebitda": "-180741000",
          "netIncome": "-709000000"
      },
      {
          "fiscalDateEnding": "2017-12-31",
          "reportedCurrency": "USD",
          "grossProfit": "438786000",
          "totalRevenue": "3288249000",
          "costOfRevenue": "2849199000",
          "costofGoodsAndServicesSold": "33653000",
          "operatingIncome": "-598055000",
          "sellingGeneralAndAdministrative": "682790000",
          "researchAndDevelopment": "354564000",
          "operatingExpenses": "1037354000",
          "investmentIncomeNet": "5594000",
          "netInterestIncome": "-146104000",
          "interestIncome": "0",
          "interestExpense": "146104000",
          "nonInterestIncome": "-875889000",
          "otherNonOperatingIncome": "-41304000",
          "depreciation": "None",
          "depreciationAndAmortization": "469606000",
          "incomeBeforeTax": "-683990000",
          "incomeTaxExpense": "-8640000",
          "interestAndDebtExpense": "146104000",
          "netIncomeFromContinuingOperations": "-771229000",
          "comprehensiveIncomeNetOfTax": "-663940000",
          "ebit": "-598055000",
          "ebitda": "-128535000",
          "netIncome": "-675350000"
      },
      {
          "fiscalDateEnding": "2017-09-30",
          "reportedCurrency": "USD",
          "grossProfit": "449140000",
          "totalRevenue": "2984675000",
          "costOfRevenue": "2535535000",
          "costofGoodsAndServicesSold": "-3297670000",
          "operatingIncome": "-535480000",
          "sellingGeneralAndAdministrative": "652998000",
          "researchAndDevelopment": "331622000",
          "operatingExpenses": "984620000",
          "investmentIncomeNet": "5531000",
          "netInterestIncome": "-117109000",
          "interestIncome": "0",
          "interestExpense": "117109000",
          "nonInterestIncome": "273551000",
          "otherNonOperatingIncome": "-24390000",
          "depreciation": "None",
          "depreciationAndAmortization": "400624000",
          "incomeBeforeTax": "-619661000",
          "incomeTaxExpense": "-285000",
          "interestAndDebtExpense": "117109000",
          "netIncomeFromContinuingOperations": "-671163000",
          "comprehensiveIncomeNetOfTax": "-609087000",
          "ebit": "-535480000",
          "ebitda": "-134856000",
          "netIncome": "-619376000"
      },
      {
          "fiscalDateEnding": "2017-06-30",
          "reportedCurrency": "USD",
          "grossProfit": "666615000",
          "totalRevenue": "2789557000",
          "costOfRevenue": "2122942000",
          "costofGoodsAndServicesSold": "1676340000",
          "operatingIncome": "-240916000",
          "sellingGeneralAndAdministrative": "537757000",
          "researchAndDevelopment": "369774000",
          "operatingExpenses": "907531000",
          "investmentIncomeNet": "4785000",
          "netInterestIncome": "-108441000",
          "interestIncome": "0",
          "interestExpense": "108441000",
          "nonInterestIncome": "272764000",
          "otherNonOperatingIncome": "-41208000",
          "depreciation": "None",
          "depreciationAndAmortization": "389171000",
          "incomeBeforeTax": "-320750000",
          "incomeTaxExpense": "15647000",
          "interestAndDebtExpense": "108441000",
          "netIncomeFromContinuingOperations": "666615000",
          "comprehensiveIncomeNetOfTax": "-304667000",
          "ebit": "-240916000",
          "ebitda": "148255000",
          "netIncome": "-336397000"
      },
      {
          "fiscalDateEnding": "2017-03-31",
          "reportedCurrency": "USD",
          "grossProfit": "667946000",
          "totalRevenue": "2696270000",
          "costOfRevenue": "2028324000",
          "costofGoodsAndServicesSold": "1675340000",
          "operatingIncome": "-257549000",
          "sellingGeneralAndAdministrative": "603455000",
          "researchAndDevelopment": "322040000",
          "operatingExpenses": "925495000",
          "investmentIncomeNet": "3090000",
          "netInterestIncome": "-99346000",
          "interestIncome": "0",
          "interestExpense": "99346000",
          "nonInterestIncome": "208356000",
          "otherNonOperatingIncome": "-18098000",
          "depreciation": "None",
          "depreciationAndAmortization": "376602000",
          "incomeBeforeTax": "-304999000",
          "incomeTaxExpense": "25278000",
          "interestAndDebtExpense": "99346000",
          "netIncomeFromContinuingOperations": "667946000",
          "comprehensiveIncomeNetOfTax": "-327306000",
          "ebit": "-257549000",
          "ebitda": "119053000",
          "netIncome": "-330277000"
      },
      {
          "fiscalDateEnding": "2016-12-31",
          "reportedCurrency": "USD",
          "grossProfit": "435278000",
          "totalRevenue": "2284631000",
          "costOfRevenue": "1849353000",
          "costofGoodsAndServicesSold": "-2930805000",
          "operatingIncome": "-266698000",
          "sellingGeneralAndAdministrative": "456016000",
          "researchAndDevelopment": "245960000",
          "operatingExpenses": "701976000",
          "investmentIncomeNet": "2179000",
          "netInterestIncome": "-65104000",
          "interestIncome": "0",
          "interestExpense": "65104000",
          "nonInterestIncome": "271827000",
          "otherNonOperatingIncome": "121224000",
          "depreciation": "None",
          "depreciationAndAmortization": "326939000",
          "incomeBeforeTax": "-110267000",
          "incomeTaxExpense": "11070000",
          "interestAndDebtExpense": "65104000",
          "netIncomeFromContinuingOperations": "-219469000",
          "comprehensiveIncomeNetOfTax": "-170387000",
          "ebit": "-266698000",
          "ebitda": "60241000",
          "netIncome": "-121337000"
      },
      {
          "fiscalDateEnding": "2016-09-30",
          "reportedCurrency": "USD",
          "grossProfit": "636735000",
          "totalRevenue": "2298436000",
          "costOfRevenue": "1661701000",
          "costofGoodsAndServicesSold": "1399948000",
          "operatingIncome": "85622000",
          "sellingGeneralAndAdministrative": "336811000",
          "researchAndDevelopment": "214302000",
          "operatingExpenses": "551113000",
          "investmentIncomeNet": "2858000",
          "netInterestIncome": "-46713000",
          "interestIncome": "0",
          "interestExpense": "46713000",
          "nonInterestIncome": "212164000",
          "otherNonOperatingIncome": "-11756000",
          "depreciation": "None",
          "depreciationAndAmortization": "280468000",
          "incomeBeforeTax": "30011000",
          "incomeTaxExpense": "8133000",
          "interestAndDebtExpense": "46713000",
          "netIncomeFromContinuingOperations": "21878000",
          "comprehensiveIncomeNetOfTax": "12995000",
          "ebit": "85622000",
          "ebitda": "366090000",
          "netIncome": "21878000"
      },
      {
          "fiscalDateEnding": "2016-06-30",
          "reportedCurrency": "USD",
          "grossProfit": "274776000",
          "totalRevenue": "1270017000",
          "costOfRevenue": "995241000",
          "costofGoodsAndServicesSold": "835390000",
          "operatingIncome": "-238040000",
          "sellingGeneralAndAdministrative": "321152000",
          "researchAndDevelopment": "191664000",
          "operatingExpenses": "512816000",
          "investmentIncomeNet": "2242000",
          "netInterestIncome": "-46368000",
          "interestIncome": "0",
          "interestExpense": "46368000",
          "nonInterestIncome": "151628000",
          "otherNonOperatingIncome": "-7373000",
          "depreciation": "None",
          "depreciationAndAmortization": "183232000",
          "incomeBeforeTax": "-289539000",
          "incomeTaxExpense": "3649000",
          "interestAndDebtExpense": "46368000",
          "netIncomeFromContinuingOperations": "274776000",
          "comprehensiveIncomeNetOfTax": "-272560000",
          "ebit": "-238040000",
          "ebitda": "-54808000",
          "netIncome": "-293188000"
      },
      {
          "fiscalDateEnding": "2016-03-31",
          "reportedCurrency": "USD",
          "grossProfit": "252468000",
          "totalRevenue": "1147048000",
          "costOfRevenue": "894580000",
          "costofGoodsAndServicesSold": "744272000",
          "operatingIncome": "-248224000",
          "sellingGeneralAndAdministrative": "318210000",
          "researchAndDevelopment": "182482000",
          "operatingExpenses": "500692000",
          "investmentIncomeNet": "1251000",
          "netInterestIncome": "-40625000",
          "interestIncome": "0",
          "interestExpense": "40625000",
          "nonInterestIncome": "107357000",
          "otherNonOperatingIncome": "9177000",
          "depreciation": "None",
          "depreciationAndAmortization": "156460000",
          "incomeBeforeTax": "-278421000",
          "incomeTaxExpense": "3846000",
          "interestAndDebtExpense": "40625000",
          "netIncomeFromContinuingOperations": "252468000",
          "comprehensiveIncomeNetOfTax": "-265146000",
          "ebit": "-248224000",
          "ebitda": "-91764000",
          "netIncome": "-282267000"
      }
  ]
}